@ARTICLE{telemedicina,
   author = {{Hernández Abadía de Barberá, Alberto}},
   title = {"Sistema de Telemedicina de las Fuerzas Armadas Españolas"},
   journal = {TECNIMAP - SEVILLA},
   year = {2006}
}

@UNPUBLISHED{framework,
   author ={{Cornetta, Gianluca} / {Hernández Abadía de Barberá, Alberto} / {Santos, David J.} / {Fernández, Roemí}},
   title = {"The Design of the Spanish Army Telemedicine Framework"},
   note = {Submited to "Telemedicine and Telehealth"},
   year = {2007}
}

@MISC{selenium,
	title ={Sitio web de Selenium},
	howpublished ={http://www.selenium.es}
}

@MISC{roundupweb,
	title ={Roundup Issue Tracker},
	howpublished ={http://roundup.sourceforge.net}
}

@MISC{pythonweb,
	title ={Python},
	howpublished ={http://www.python.org/}
}

@MISC{osiweb,
	title ={Open Source Initiative},
	howpublished ={http://www.opensource.org}
}

@MISC{fsfweb,
	author ={Free Software Foundation},
	howpublished ={http://www.fsf.org}
}

@MISC{gnuweb,
	author ={GNU España},
	howpublished ={http://www.es.gnu.org}
}


@MISC{postweb,
	author ={PostgreSQL},
	howpublished ={http://www.postgresql.org/}
}

@MISC{xapianweb,
	author ={The Xapian Project},
	howpublished ={http://xapian.org/}
}


@BOOK{xpro,
   author = {{Beck, Kent} and {Andres, Cynthia}},
   publisher = {Addison-Wesley},
   title = {Extreme Programming Explained: Embrace Change (2nd Edition)},
   year = {2004}
}

@BOOK{refac,
   author = {{Fowler, Martin} and others},
   publisher = {Addison-Wesley},
   title = {Refactoring: Improving the Design of Existing Code},
   year = {1999}
}


@BOOK{tdd,
   author = {{Beck, Kent}},
   publisher = {Addison-Wesley},
   title = {Test Driven Development: By Example},
   year = {2002}
}

@BOOK{python,
   author = {{Lutz, Mark}},
   publisher = {O'Reilly Media},
   title = {Learning Python, 3rd Edition},
   year = {2007}
}

@BOOK{postgres,
   author = {{Matthew, Neil} and {Stones, Richard}},
   publisher = {Apress},
   title = {Beginning Databases with PostgreSQL: From Novice to Professional, 2nd Edition},
   year = {2005}
}

@BOOK{comer,
   author = {{Comer, Douglas} and {Stevens, David}},
   publisher = {Prentice Hall},
   title = {Internetworking with TCP/IP: Client-Server Programming and Applications,Linux/Posix Version, Vol 3},
   year = {2000}
}

@BOOK{autounix,
   author = {{Bauer, Kirk}},
   publisher = {Apress},
   title = {Automating UNIX and Linux Administration},
   year = {2003}
}

@BOOK{pressman,
   author = {{Pressman, Roger}},
   publisher = {McGraw-Hill},
   title = {Software Engineering: A Practitioner's Approach, 6th Edition},
   year = {2004}
}

@BOOK{patrones,
   author = {{Gamma, Erich} and others},
   publisher = {Addison-Wesley},
   title = {Design Patterns: Elements of Reusable Object-Oriented Software},
   year = {1994}
}

